@Book{mac-hackers-handbook-2009,
  author = 	 {Charlie Miller and Dino Dai Zovi},
  title = 	 {The Mac Hacker's Handbook},
  publisher = 	 {Wiley},
  year = 	 2009,
  note = 	 {Heap attacks are discussed in chapter 8, see also, \url{https://www.trailofbits.com/resources/macos_xploitation_slides.pdf}},
}

@Book{ios-hackers-handbook-2012,
  author = 	 {Charlie Miller and Dion Blazakis and Dino Dai Zovi and Stefan Esser and Vincenzo Iozzo and Ralf-Philip Weinmann},
  title = 	 {The {iOS} Hacker's Handbook},
  publisher = 	 {Wiley},
  month = may,
  year = 	 2012,
  note = {Heap attacks are discussed in chapter 7}
}


@Article{nemo2005,
  author = 	 {Nemo},
  title = 	 {{OS} {X} heap exploitation techniques},
  journal = {Phrack},
  year = 	 2005,
  volume = 	 63,
  number = 	 5,
  month = 	 jan,
  note = 	 {\url{http://phrack.org/issues/63/5.html}}}

@Manual{yason2014,
  author = {Mark Yason},
  title = {Understanding {IE's} New Exploit Mitigations: The {Memory Protector} and the {Isolated Heap}},
  organization = {IBM},
  month = aug,
  year = 2014,
  note = {\url{https://securityintelligence.com/understanding-ies-new-exploit-mitigations-the-memory-protector-and-the-isolated-heap/}}
}

@Manual{yason2015,
  author = {Mark Yason},
  title = {{MemGC}: Use-After-Free Exploit Mitigation in {Edge} and {IE} on {Windows} 10},
  organization = {IBM},
  month = aug,
  year = 2015,
  note = {\url{https://securityintelligence.com/memgc-use-after-free-exploit-mitigation-in-edge-and-ie-on-windows-10/}}
}

@Manual{simonz2014,
  author = {Simon\_Z},
  title = {Efficacy of {MemoryProtection} against use-after-free vulnerabilities},
  organization = {HP Enterprise},
  month = jul,
  year = 2014,
  note = {\url{http://community.hpe.com/t5/Security-Research/Efficacy-of-MemoryProtection-against-use-after-free/ba-p/6556134}}
}

@Manual{metcalf2014,
  author = {Sean Metcalf},
  title = {Microsoft {Enhanced Mitigation Experience Toolkit (EMET)} 5 Protection Methods},
  organization = {Microsoft},
  month = aug,
  year = 2014,
  note = {\url{https://adsecurity.org/?p=157}}
}

@InProceedings{valasek2012,
  author = 	 {Chris Valasek and Tarjei Mandt},
  title = 	 {Windows 8 Heap Internals},
  booktitle = {BlackHat 2012},
  year = 	 2012,
  month = 	 jul,
  address = 	 {Las Vegas, NV},
  note = 	 {Slides: \url{https://media.blackhat.com/bh-us-12/Briefings/Valasek/BH_US_12_Valasek_Windows_8_Heap_Internals_Slides.pdf}, Paper: \url{http://illmatics.com/Windows\%208\%20Heap\%20Internals.pdf}}
}


@InProceedings{liu2013,
  author = 	 {Zhenhua (Eric) Liu},
  title = 	 {Advanced Heap Manipulation in Windows 8},
  booktitle = {BlackHatEU 2013},
  year = 	 2013,
  month = 	 mar,
  address = 	 {Amsterdam, Netherlands},
  note = 	 {Video: \url{https://www.youtube.com/watch?v=mDfS8yBLzZU}, Paper: \url{https://media.blackhat.com/eu-13/briefings/Liu/bh-eu-13-liu-advanced-heap-WP.pdf}}}

@Manual{microsoft2013,
  title = 	 {Software Defense: mitigating heap corruption vulnerabilities},
  organization = {Microsoft},
  month = 	 oct,
  year = 	 2013,
  note = 	 {\url{https://blogs.technet.microsoft.com/srd/2013/10/29/software-defense-mitigating-heap-corruption-vulnerabilities/}}}

@InProceedings{hawkes2008,
  author = "Ben Hawkes",
  title = {Attacking the {Vista} Heap},
  booktitle = {RuxCon 2008},
  year = 2008,
  month = nov,
  address = {Sydney, Australia},
  note = {\url{https://www.lateralsecurity.com/downloads/hawkes_ruxcon-nov-2008.pdf}, also presented at BlackHat 2008}
}

@InProceedings{johnson-miller2012,
  title = {Exploit Mitigation Improvements in {Windows} 8},
  booktitle = {BlackHat 2012},
  author = {Ken Johnson and Matt Miller},
  month = jul,
  year = 2012,
  address = {Las Vegas, NV},
  note = {\url{http://media.blackhat.com/bh-us-12/Briefings/M_Miller/BH_US_12_Miller_Exploit_Mitigation_Slides.pdf}}
}


@InProceedings{seeley2012,
  author = 	 {Steven Seeley},
  title = 	 {Ghost in the allocator: Abusing the {Windows} 7/8 {Low Fragmentation Heap}},
  booktitle = {Hack in the Box 2012},
  year = 	 2012,
  month = 	 may,
  address = 	 {Amsterdam, Netherlands},
  annote = 	 {\url{https://conference.hitb.org/hitbsecconf2012ams/materials/D2T2\%20-\%20Steven\%20Seeley\%20-\%20Ghost\%20In\%20the\%20Windows\%207\%20Allocator.pdf}}
}

