@inproceedings{YJP06,
 author = {Younan, Yves and Joosen, Wouter and Piessens, Frank},
 title = {Efficient Protection Against Heap-based Buffer Overflows Without Resorting to Magic},
 booktitle = {Proceedings of the 8th International Conference on Information and Communications Security},
 series = {ICICS'06},
 year = {2006},
 isbn = {3-540-49496-0, 978-3-540-49496-6},
 location = {Raleigh, NC},
 pages = {379--398},
 numpages = {20},
 url = {http://dx.doi.org/10.1007/11935308_27},
 doi = {10.1007/11935308_27},
 acmid = {2092912},
 publisher = {Springer-Verlag},
 address = {Berlin, Heidelberg},
} 

@inproceedings{Kamp:1998,
 author = {Kamp, Poul-Henning},
 title = {Malloc(3) Revisited},
 booktitle = {Proceedings of the Annual Conference on USENIX Annual Technical Conference},
 series = {ATEC '98},
 year = {1998},
 location = {New Orleans, Louisiana},
 pages = {36--36},
 numpages = {1},
 url = {http://dl.acm.org/citation.cfm?id=1268256.1268292},
 acmid = {1268292},
 publisher = {USENIX Association},
 address = {Berkeley, CA, USA},
} 

@inproceedings{BZ:2006,
 author = {Berger, Emery D. and Zorn, Benjamin G.},
 title = {DieHard: Probabilistic Memory Safety for Unsafe Languages},
 booktitle = {Proceedings of the 2006 ACM SIGPLAN Conference on Programming Language Design and Implementation},
 series = {PLDI'06},
 year = {2006},
 isbn = {1-59593-320-4},
 location = {Ottawa, Ontario, Canada},
 pages = {158--168},
 numpages = {11},
 url = {http://doi.acm.org/10.1145/1133981.1134000},
 doi = {10.1145/1133981.1134000},
 acmid = {1134000},
 publisher = {ACM},
 address = {New York, NY, USA},
 keywords = {DieHard, dynamic memory allocation, probabilistic memory safety, randomization, replication},
} 

@INPROCEEDINGS{BCR01,
    author = {Thomas Ball and Sagar Chaki and Sriram K. Rajamani},
    title = {Parameterized Verification of Multithreaded Software Libraries},
    booktitle = {In TACAS 01: Tools and Algorithms for Construction and Analysis of Systems, LNCS 2031},
    year = {2001},
    pages = {158--173},
    publisher = {Springer-Verlag}
}

@article{lattner-sigplan05,
 author = {Lattner, Chris and Adve, Vikram},
 title = {Automatic Pool Allocation: Improving Performance by Controlling Data Structure Layout in the Heap},
 journal = {SIGPLAN Notices},
 issue_date = {June 2005},
 volume = {40},
 number = {6},
 month = jun,
 year = {2005},
 issn = {0362-1340},
 pages = {129--142},
 numpages = {14},
 url = {http://doi.acm.org/10.1145/1064978.1065027},
 doi = {10.1145/1064978.1065027},
 acmid = {1065027},
 publisher = {ACM},
 address = {New York, NY, USA},
 keywords = {cache, data layout, pool allocation, recursive data structure, static analysis},
} 

@article{detlefs-spe94,
 author = {Detlefs, David and Dosser, Al and Zorn, Benjamin},
 title = {Memory Allocation Costs in Large {C} and {C++} Programs},
 journal = {Software Practice and Experience},
 issue_date = {June 1994},
 volume = {24},
 number = {6},
 month = jun,
 year = {1994},
 issn = {0038-0644},
 pages = {527--542},
 numpages = {16},
 url = {http://dx.doi.org/10.1002/spe.4380240602},
 doi = {10.1002/spe.4380240602},
 acmid = {189066},
 publisher = {John Wiley \& Sons, Inc.},
 address = {New York, NY, USA},
 keywords = {conservative collection, dynamic memory management, dynamic storage allocation, garbage collection, performance evaluation},
} 

@article{rogers-toplas95,
 author = {Rogers, Anne and Carlisle, Martin C. and Reppy, John H. and Hendren, Laurie J.},
 title = {Supporting Dynamic Data Structures on Distributed-memory Machines},
 journal = {ACM Transactions on Programming Languages and Systems},
 issue_date = {March 1995},
 volume = {17},
 number = {2},
 month = mar,
 year = {1995},
 issn = {0164-0925},
 pages = {233--263},
 numpages = {31},
 url = {http://doi.acm.org/10.1145/201059.201065},
 doi = {10.1145/201059.201065},
 acmid = {201065},
 publisher = {ACM},
 address = {New York, NY, USA},
 keywords = {dynamic data structures},
}

@article{mcilroy1999killer,
  title={A killer adversary for quicksort},
  author={McIlroy, MD},
  journal={Software--Practice and Experience},
  volume={29},
  pages={341--344},
  year={1999}
}

@inproceedings{crosby2003denial,
  title={Denial of Service via Algorithmic Complexity Attacks},
  author={Crosby, Scott A. and Wallach, Dan S.},
  booktitle={Usenix Security},
  volume={2},
  year={2003}
}

@article{Rice53,
     title = {Classes of Recursively Enumerable Sets and Their Decision Problems},
     author = {Rice, H. G.},
     journal = {Transactions of the American Mathematical Society},
     jstor_issuetitle = {},
     volume = {74},
     number = {2},
     jstor_formatteddate = {Mar., 1953},
     pages = {358-366},
     note = {\url{http://www.jstor.org/stable/1990888}},
     ISSN = {00029947},
     abstract = {},
     language = {English},
     year = {1953},
     publisher = {American Mathematical Society},
     copyright = {Copyright Â© 1953 American Mathematical Society},
    }

@article{Larson:1988:DHT,
 author = {Larson, Per-Ake},
 title = {Dynamic Hash Tables},
 journal = {Communications of the ACM},
 issue_date = {April 1988},
 volume = {31},
 number = {4},
 month = apr,
 year = {1988},
 issn = {0001-0782},
 pages = {446--457},
 numpages = {12},
 url = {http://doi.acm.org/10.1145/42404.42410},
 doi = {10.1145/42404.42410},
 acmid = {42410},
 publisher = {ACM},
 address = {New York, NY, USA},
} 

@article{KAEMSKH:2014,
 author = {Klein, Gerwin and Andronick, June and Elphinstone, Kevin and Murray, Toby and Sewell, Thomas and Kolanski, Rafal and Heiser, Gernot},
 title = {Comprehensive Formal Verification of an {OS} Microkernel},
 journal = {ACM Transactions on Computer Systems},
 issue_date = {February 2014},
 volume = {32},
 number = {1},
 month = feb,
 year = {2014},
 issn = {0734-2071},
 pages = {2:1--2:70},
 articleno = {2},
 numpages = {70},
 url = {http://doi.acm.org/10.1145/2560537},
 doi = {10.1145/2560537},
 acmid = {2560537},
 publisher = {ACM},
 address = {New York, NY, USA},
 keywords = {Isabelle/HOL, L4, microkernel, operating systems, seL4},
}

@inproceedings{Wilson1995,
 author = {Wilson, Paul R. and Johnstone, Mark S. and Neely, Michael and Boles, David},
 title = {Dynamic Storage Allocation: A Survey and Critical Review},
 booktitle = {Proceedings of the International Workshop on Memory Management},
 series = {IWMM '95},
 year = {1995},
 isbn = {3-540-60368-9},
 pages = {1--116},
 numpages = {116},
note = {An expanded version is available from \url{ftp://ftp.cs.utexas.edu/pub/garbage/allocsrv.ps}},
 acmid = {664690},
 publisher = {Springer-Verlag},
 address = {London, UK, UK},
} 

@inproceedings{maged-michael-lfpa,
author={Maged M. Michael},
title={Scalable lock-free dynamic memory allocation},
booktitle={Proceedings of the {ACM SIGPLAN} conference on
Programming langauge design and implementation},
series={PLDI'04},
year={2004},
isbn={1-58113-807-5},
pages={35--46},
publisher={ACM},
address={New York, NK, USA},
}


@misc{maier-arxiv,
  title={Concurrent Hash  Tables: Fast and General.},
  author={Tobias Maier and Peter Sanders and Roman Dementiev},
  url = {https://arxiv.org/abs/1601.04017},
  year={2016}
}

@misc{schneider-michael,
  title={Maged Michaels lock-free memory allocator.},
  author={Scott Schneider},
  url = {https://github.com/scotts/michael},
  year={2006}
}

@misc{schneider-streamflow,
  title={Streamflow: a lock-free memory allocator.},
  author={Scott Schneider},
  url = {https://github.com/scotts/streamflow},
  year={2006}
}



@InProceedings{Dutertre:cav2014,
  author = 	 {Dutertre, Bruno},
  title = 	 {Yices 2.2},
  booktitle = {Computer-Aided Verification (CAV'2014)},
  editor =       {Biere, Armin and Bloem, Roderick},
  year = 	 2014,
  volume =       8559,
  series =       {Lecture Notes in Computer Science},
  pages =        {737--744},
  month = 	 {July},
  publisher =    {Springer}}


@misc{cryptominisat,
  title={Cryptominisat, An Advanced {SAT} Solver},
  author={Mate Soos},
  url = {https://github.com/msoos/cryptominisat},
  year={2016}
}

@misc{spec2006,
  title={{SPEC} {CPU} 2006},
  author={Standard Performance Evaluation Corporation},
  url={https://www.spec.org/cpu2006/},
  year={2006}
}

@misc{libmalloc,
  title={libmalloc source code.},
  author={Apple Corporation},
  url={http://opensource.apple.com//source/libmalloc/},
  year={2016}
}

@misc{bmalloc,
  title={bmalloc source code.},
  author={Apple Corporation},
  url={http://opensource.apple.com//source/bmalloc/},
  year={2016}
}

@misc{webkit,
  title={Webkit source code.},
  author={Apple Corporation},
  url={https://webkit.org/getting-the-code/},
  year={2016}
}

@misc{reverse,
  title={Reverse Engineering {Mac} {OS} {X}},
  author={Reverser},
  url={https://reverse.put.as/papers/},
  year={2016}
}

misc{,
  title={},
  author={},
  url={https://reverse.put.as/papers/},
  year={}
}