%%% SRI tools

@article{jovanovic2016property,
  title={Property-Directed k-Induction},
  author={Jovanovic, Dejan and Dutertre, Bruno},
  journal={Formal Methods in Computer-Aided Design FMCAD 2016},
  pages={85},
  year={2016}
}

@incollection{owre1992pvs,
  title={{PVS}: A prototype verification system},
  author={Owre, Sam and Rushby, John M and Shankar, Natarajan},
  booktitle={Automated Deductionâ€”CADE-11},
  pages={748--752},
  year={1992},
  publisher={Springer}
}

@inproceedings{bensalem2000overview,
  title={An overview of {SAL}},
  author={Bensalem, Saddek and Ganesh, Vijay and Lakhnech, Yassine and Munoz, C{\'e}sar and Owre, Sam and Rue{\ss}, Harald and Rushby, John and Rusu, Vlad and Sa{\i}di, Hassen and Shankar, Natarajan and others},
  booktitle={Proceedings of the 5th NASA Langley Formal Methods Workshop},
  year={2000}
}

@inproceedings{tiwari2012hybridsal,
  title={{HybridSAL} relational abstracter},
  author={Tiwari, Ashish},
  booktitle={Computer Aided Verification},
  pages={725--731},
  year={2012},
  organization={Springer}
}


@inproceedings{dutertre2014yices,
  title={Yices 2.2},
  author={Dutertre, Bruno},
  booktitle={Computer Aided Verification},
  pages={737--744},
  year={2014},
  organization={Springer}
}


%%% Lock-free hash tables

@inproceedings{MaierSD16,
  author    = {Tobias Maier and
               Peter Sanders and
               Roman Dementiev},
  title     = {Concurrent hash tables: fast \emph{and} general?(!)},
  booktitle = {Proceedings of the 21st {ACM} {SIGPLAN} Symposium on Principles and
               Practice of Parallel Programming, PPoPP 2016, Barcelona, Spain, March
               12-16, 2016},
  pages     = {34:1--34:2},
  year      = {2016}
}

